% ====================================================================================================
% Relatório ONU
% ====================================================================================================

@techreport{world2019world,
    title={World report on vision},
    organization={World Health Organization and others},
    year={2019},
    publisher={World Health Organization}
}


@article{bourne2021trends,
  title={Trends in prevalence of blindness and distance and near vision impairment over 30 years: an analysis for the Global Burden of Disease Study},
  author={Bourne, Rupert and Steinmetz, Jaimie D and Flaxman, Seth and Briant, Paul Svitil and Taylor, Hugh R and Resnikoff, Serge and Casson, Robert James and Abdoli, Amir and Abu-Gharbieh, Eman and Afshin, Ashkan and others},
  journal={The Lancet global health},
  volume={9},
  number={2},
  pages={e130--e143},
  year={2021},
  publisher={Elsevier}
}

@inproceedings{yang2014design,
  title={The design and evaluation of an auditory navigation system for blind and visually impaired},
  author={Yang, Chun-Hung and Hwang, Sheue-Ling and Wang, Jan-Li},
  booktitle={Proceedings of the 2014 IEEE 18th International Conference on Computer Supported Cooperative Work in Design (CSCWD)},
  pages={342--345},
  year={2014},
  organization={IEEE}
}

% ====================================================================================================
% Insatisfação dos usuários deficientes visuais
% ====================================================================================================

@article{lozano2009electrotactile,
    title={Electrotactile stimulation on the tongue: Intensity perception, discrimination, and cross-modality estimation},
    author={Cecil A Lozano and Kurt A Kaczmarek and Marco Santello},
    journal={Somatosensory \& motor research},
    volume={26},
    number={2-3},
    pages={50--63},
    year={2009},
    publisher={Taylor \& Francis}
}

% ====================================================================================================
% Estrategias para ajudar pessoas de baixa visão na pandemia
% ====================================================================================================

@article{jondani2021strategies,
    title={Strategies for Addressing the Special Needs of People with Visual Impairments During the COVID-19 Pandemic},
    author={Jondani, Javad Abbasi},
    journal={Journal of Visual Impairment \& Blindness},
    volume={115},
    number={3},
    pages={263--267},
    year={2021},
    publisher={SAGE Publications Sage CA: Los Angeles, CA}
}

% ====================================================================================================
% Design Universal
% ====================================================================================================

@inproceedings{maciel2021mental,
    title={Mental Imagery for Multisensory Designers: Insights for Non-visual Design Cognition},
    author={Maciel, Ingrid Monteiro and Felicio, Guilherme and da Silva, Edmar Thomaz and Villani, Em{\'\i}lia and Krus, Petter and Pereira, Luciana},
    booktitle={International Conference on Research into Design},
    pages={109--118},
    year={2021},
    organization={Springer}
}

@article{persson2015universal,
    title={Universal design, inclusive design, accessible design, design for all: different concepts—one goal? On the concept of accessibility—historical, methodological and philosophical aspects},
    author={Persson, Hans and {\AA}hman, Henrik and Yngling, Alexander Arvei and Gulliksen, Jan},
    journal={Universal Access in the Information Society},
    volume={14},
    number={4},
    pages={505--526},
    year={2015},
    publisher={Springer}
}

% ====================================================================================================
% Design Collab
% ====================================================================================================

@article{kleinsmann2006understanding,
  title={Understanding collaborative design},
  author={Kleinsmann, Maaike Susanne},
  year={2006}
}

@article{kahn1996interdepartmental,
  title={Interdepartmental integration: a definition with implications for product development performance},
  author={Kahn, Kenneth B},
  journal={Journal of product innovation management},
  volume={13},
  number={2},
  pages={137--151},
  year={1996},
  publisher={Elsevier}
}

@article{chiu2002organizational,
  title={An organizational view of design communication in design collaboration},
  author={Chiu, Mao-Lin},
  journal={Design studies},
  volume={23},
  number={2},
  pages={187--210},
  year={2002},
  publisher={Elsevier}
}

@article{smith1996top,
  title={Top management team demography and process: The role of social integration and communication},
  author={Smith, Ken G and Smith, Ken A and Olian, Judy D and Sims Jr, Henry P and others},
  journal={Irish Journal of Management},
  volume={17},
  number={1},
  pages={36},
  year={1996},
  publisher={Irish Academy of Managment}
}

@article{song1997teamwork,
  title={Teamwork barriers in Japanese high-technology firms: The sociocultural differences between R\&D and marketing managers},
  author={Song, X Michael and Parry, Mark E},
  journal={Journal of Product Innovation Management: AN INTERNATIONAL PUBLICATION OF THE PRODUCT DEVELOPMENT \& MANAGEMENT ASSOCIATION},
  volume={14},
  number={5},
  pages={356--367},
  year={1997},
  publisher={Wiley Online Library}
}


% ====================================================================================================
% Realidade virtual
% ====================================================================================================

@article{mujber2004virtual,
    title={Virtual reality applications in manufacturing process simulation},
    author={Tariq S Mujber and Tamas Szecsi and Mohammed SJ Hashmi},
    journal={Journal of materials processing technology},
    volume={155},
    pages={1834--1838},
    year={2004},
    publisher={Elsevier}
}

@article{salah2019virtual,
    title={Virtual reality-based engineering education to enhance manufacturing sustainability in industry 4.0},
    author={Salah, Bashir and Abidi, Mustufa Haider and Mian, Syed Hammad and Krid, Mohammed and Alkhalefah, Hisham and Abdo, Ali},
    journal={Sustainability},
    volume={11},
    number={5},
    pages={1477},
    year={2019},
    publisher={Multidisciplinary Digital Publishing Institute}
}

% ====================================================================================================
% Fatores Humanos
% ====================================================================================================

@book{stanton2004handbook,
  title={Handbook of human factors and ergonomics methods},
  author={Stanton, Neville Anthony and Hedge, Alan and Brookhuis, Karel and Salas, Eduardo and Hendrick, Hal W},
  year={2004},
  publisher={CRC press}
}

@book{sandom2004human,
  title={Human factors for engineers},
  author={Sandom, Carl and Harvey, Roger S},
  volume={2},
  year={2004},
  publisher={Iet}
}

@book{dul2003ergonomics,
  title={Ergonomics for beginners: a quick reference guide},
  author={Dul, Jan and Weerdmeester, Bernard},
  year={2003},
  publisher={CRC press}
}

@article{sanders1998human,
  title={Human factors in engineering and design},
  author={Sanders, Mark S and McCormick, Ernest James},
  journal={Industrial Robot: An International Journal},
  year={1998},
  publisher={Emerald Group Publishing Limited}
}

@article{karwowski2012discipline,
  title={The discipline of human factors and ergonomics},
  author={Karwowski, Waldemar},
  journal={Handbook of human factors and ergonomics},
  volume={4},
  pages={3--37},
  year={2012},
  publisher={Citeseer}
}

 @misc{what_is_ergonomics?,
 title={What is ergonomics?},
 url={https://iea.cc/what-is-ergonomics/},
 }
 
  @misc{hfes,
  title={What is Human Factors and Ergonomics}, url={https://www.hfes.org/About-HFES/What-is-Human-Factors-and-Ergonomics}, journal={HFES}
  } 

% ====================================================================================================
% Carga mental
% ====================================================================================================

@article{cain2007review,
  title={A review of the mental workload literature},
  author={Cain, Brad},
  year={2007},
  publisher={Defence research and development Toronto (Canada)}
}

@article{fallahi2016effects,
  title={Effects of mental workload on physiological and subjective responses during traffic density monitoring: A field study},
  author={Fallahi, Majid and Motamedzade, Majid and Heidarimoghadam, Rashid and Soltanian, Ali Reza and Miyake, Shinji},
  journal={Applied ergonomics},
  volume={52},
  pages={95--103},
  year={2016},
  publisher={Elsevier}
}

@article{cardoso2012evaluation,
  title={Evaluation of mental workload and performance measurement: NASA TLX and SWAT},
  author={CARDOSO, Mariane de Souza and GONTIJO, Leila Amaral},
  journal={Gest{\~a}o \&, Produ{\c{c}}{\~a}o},
  volume={19},
  pages={873--884},
  year={2012}
}

@article{mansikka2016fighter,
  title={Fighter pilots’ heart rate, heart rate variation and performance during instrument approaches},
  author={Mansikka, Heikki and Simola, Petteri and Virtanen, Kai and Harris, Don and Oksama, Lauri},
  journal={Ergonomics},
  volume={59},
  number={10},
  pages={1344--1352},
  year={2016},
  publisher={Taylor \& Francis}
}

@inproceedings{zhang2014detection,
  title={Detection of variations in cognitive workload using multi-modality physiological sensors and a large margin unbiased regression machine},
  author={Zhang, Haihong and Zhu, Yongwei and Maniyeri, Jayachandran and Guan, Cuntai},
  booktitle={2014 36th Annual International Conference of the IEEE Engineering in Medicine and Biology Society},
  pages={2985--2988},
  year={2014},
  organization={IEEE}
}

@article{borghini2014measuring,
  title={Measuring neurophysiological signals in aircraft pilots and car drivers for the assessment of mental workload, fatigue and drowsiness},
  author={Borghini, Gianluca and Astolfi, Laura and Vecchiato, Giovanni and Mattia, Donatella and Babiloni, Fabio},
  journal={Neuroscience \& Biobehavioral Reviews},
  volume={44},
  pages={58--75},
  year={2014},
  publisher={Elsevier}
}

@article{zhao2018real,
  title={Real-time assessment of the cross-task mental workload using physiological measures during anomaly detection},
  author={Zhao, Guozhen and Liu, Yong-Jin and Shi, Yuanchun},
  journal={IEEE Transactions on Human-Machine Systems},
  volume={48},
  number={2},
  pages={149--160},
  year={2018},
  publisher={IEEE}
}

@inproceedings{rodriguez2015pupillometry,
  title={Pupillometry to assess air traffic controller workload through the mental workload model},
  author={Rodr{\'\i}guez, Sara and S{\'a}nchez, Leticia and L{\'o}pez, Patricia and Ca{\~n}as, Jos{\'e} J},
  booktitle={Proceedings of the 5th international conference on application and theory of automation in command and control systems},
  pages={95--104},
  year={2015}
}

@article{chakladar2020eeg,
  title={EEG-based mental workload estimation using deep BLSTM-LSTM network and evolutionary algorithm},
  author={Chakladar, Debashis Das and Dey, Shubhashis and Roy, Partha Pratim and Dogra, Debi Prosad},
  journal={Biomedical Signal Processing and Control},
  volume={60},
  pages={101989},
  year={2020},
  publisher={Elsevier}
}

@article{orlandi2018measuring,
  title={Measuring mental workload and physiological reactions in marine pilots: Building bridges towards redlines of performance},
  author={Orlandi, Luca and Brooks, Benjamin},
  journal={Applied ergonomics},
  volume={69},
  pages={74--92},
  year={2018},
  publisher={Elsevier}
}

% ====================================================================================================
% NASA TLX
% ====================================================================================================

@incollection{hart1988development,
  title={Development of NASA-TLX (Task Load Index): Results of empirical and theoretical research},
  author={Hart, Sandra G and Staveland, Lowell E},
  booktitle={Advances in psychology},
  volume={52},
  pages={139--183},
  year={1988},
  publisher={Elsevier}
}

@article{cardoso2012avaliaccao,
  title={Avalia{\c{c}}{\~a}o da carga mental de trabalho e do desempenho de medidas de mensura{\c{c}}{\~a}o: NASA TLX e SWAT},
  author={Cardoso, Mariane de Souza and Gontijo, Leila Amaral},
  journal={Gest{\~a}o \& Produ{\c{c}}{\~a}o},
  volume={19},
  number={4},
  pages={873--884},
  year={2012},
  publisher={SciELO Brasil}
}

% ====================================================================================================
% Consciência situacional
% ====================================================================================================

@inproceedings{endsley1988design,
  title={Design and evaluation for situation awareness enhancement},
  author={Endsley, Mica R},
  booktitle={Proceedings of the Human Factors Society annual meeting},
  volume={32},
  number={2},
  pages={97--101},
  month={May},
  year={1988},
  organization={Sage Publications Sage CA: Los Angeles, CA}
}

@incollection{endsley2018automation,
  title={Automation and situation awareness},
  author={Endsley, Mica R},
  booktitle={Automation and human performance: Theory and applications},
  pages={163--181},
  year={2018},
  publisher={CRC Press}
}

@article{endsley1995measurement,
  title={Measurement of situation awareness in dynamic systems},
  author={Endsley, Mica R},
  journal={Human factors},
  volume={37},
  number={1},
  pages={65--84},
  year={1995},
  publisher={SAGE Publications Sage CA: Los Angeles, CA}
}

@book{parasuraman2018automation,
  title={Automation and human performance: Theory and applications},
  author={Parasuraman, Raja and Mouloua, Mustapha},
  year={2018},
  publisher={Routledge}
}

% ====================================================================================================
% SAGAT
% ====================================================================================================

@inproceedings{endsley1988situation,
  title={Situation awareness global assessment technique ({SAGAT})},
  author={Endsley, Mica R},
  booktitle={Proceedings of the IEEE 1988 national aerospace and electronics conference},
  pages={789--795},
  month={Out},
  year={1988},
  organization={IEEE}
}

@incollection{endsley2017direct,
  title={Direct measurement of situation awareness: Validity and use of SAGAT},
  author={Endsley, Mica R},
  booktitle={Situational awareness},
  pages={129--156},
  year={2017},
  publisher={Routledge}
}

% ====================================================================================================
% Co-Design
% ====================================================================================================

@article{luck2018inclusive,
  title={Inclusive design and making in practice: Bringing bodily experience into closer contact with making},
  author={Luck, Rachael},
  journal={Design Studies},
  volume={54},
  pages={96--119},
  year={2018},
  publisher={Elsevier}
}

@article{coleman2003margins,
  title={From margins to mainstream},
  author={Coleman, Roger and Lebbon, Cherie and Clarkson, John and Keates, Simeon},
  journal={Inclusive design},
  pages={1--25},
  year={2003},
  publisher={Springer}
}


% ====================================================================================================
% Unity
% ====================================================================================================

@inproceedings{wang2010new,
  title={A new method of virtual reality based on Unity3D},
  author={Wang, Sa and Mao, Zhengli and Zeng, Changhai and Gong, Huili and Li, Shanshan and Chen, Beibei},
  booktitle={2010 18th international conference on Geoinformatics},
  pages={1--5},
  year={2010},
  organization={IEEE}
}

% ====================================================================================================
% ECG
% ====================================================================================================

@article{mohanavelu2020cognitive,
  title={Cognitive Workload Analysis of Fighter Aircraft Pilots in Flight Simulator Environment.},
  author={Mohanavelu, K and Poonguzhali, S and Ravi, D and Singh, Pushpendar K and Mahajabin, Mistu and Ramachandran, K and Singh, Upendra K and Jayaraman, Srinivasan},
  journal={Defence Science Journal},
  volume={70},
  number={2},
  year={2020}
}

% ====================================================================================================
% GSR
% ====================================================================================================

@online{gsr,
organization = {Massachusetts Institute of Technology},
url = {https://www.media.mit.edu/galvactivator/faq.html},
urlaccessdate={19 jan. 2022},
}

% ====================================================================================================
% ====================================================================================================
% Artigos e livros
% ====================================================================================================
% ====================================================================================================

% ====================================================================================================
% Pesquisa do Bradley sobre orientações
% ====================================================================================================

@inproceedings{bradley2002investigating,
  title={Investigating context-aware clues to assist navigation for visually impaired people},
  author={Bradley, Nicholas A and Dunlop, Mark D},
  booktitle={Proceedings of Workshop on Building Bridges: Interdisciplinary Context-Sensitive Computing, University of Glasgow},
  year={2002}
}

@article{bradley2005experimental,
  title={An experimental investigation into wayfinding directions for visually impaired people},
  author={Bradley, Nicholas A and Dunlop, Mark D},
  journal={Personal and Ubiquitous Computing},
  volume={9},
  number={6},
  pages={395--403},
  year={2005},
  publisher={Springer}
}

% ====================================================================================================
% GSR
% ====================================================================================================

@inproceedings{nourbakhsh2012using,
  title={Using galvanic skin response for cognitive load measurement in arithmetic and reading tasks},
  author={Nourbakhsh, Nargess and Wang, Yang and Chen, Fang and Calvo, Rafael A},
  booktitle={Proceedings of the 24th Australian Computer-Human Interaction Conference},
  pages={420--423},
  year={2012}
}

@inproceedings{shi2007galvanic,
  title={Galvanic skin response (GSR) as an index of cognitive load},
  author={Shi, Yu and Ruiz, Natalie and Taib, Ronnie and Choi, Eric and Chen, Fang},
  booktitle={CHI'07 extended abstracts on Human factors in computing systems},
  pages={2651--2656},
  year={2007}
}

% ====================================================================================================
% Realidade Extendida
% ====================================================================================================


@article{doolani2020review,
  title={A review of extended reality (xr) technologies for manufacturing training},
  author={Doolani, Sanika and Wessels, Callen and Kanal, Varun and Sevastopoulos, Christos and Jaiswal, Ashish and Nambiappan, Harish and Makedon, Fillia},
  journal={Technologies},
  volume={8},
  number={4},
  pages={77},
  year={2020},
  publisher={Multidisciplinary Digital Publishing Institute}
}

@article{milgram1994taxonomy,
  title={A taxonomy of mixed reality visual displays},
  author={Milgram, Paul and Kishino, Fumio},
  journal={IEICE TRANSACTIONS on Information and Systems},
  volume={77},
  number={12},
  pages={1321--1329},
  year={1994},
  publisher={The Institute of Electronics, Information and Communication Engineers}
}

@inproceedings{nijholt2005virtuality,
  title={The virtuality continuum revisited},
  author={Nijholt, Anton and Traum, David},
  booktitle={CHI'05 Extended Abstracts on Human Factors in Computing Systems},
  pages={2132--2133},
  year={2005}
}

@article{ternier2012arlearn,
  title={ARLearn: augmented reality meets augmented virtuality},
  author={Ternier, Stefaan and Klemke, Roland and Kalz, Marco and Van Ulzen, Patricia and Specht, Marcus},
  journal={Journal of Universal Computer Science-Technology for learning across physical and virtual spaces},
  volume={18},
  number={15},
  pages={2143--2164},
  year={2012}
}

@article{ma2007virtuality,
  title={The Virtuality and Reality of Augmented Reality.},
  author={Ma, Jung Yeon and Choi, Jong Soo},
  journal={J. Multim.},
  volume={2},
  number={1},
  pages={32--37},
  year={2007},
  publisher={Citeseer}
}

@article{farshid2018go,
  title={Go boldly!: Explore augmented reality (AR), virtual reality (VR), and mixed reality (MR) for business},
  author={Farshid, Mana and Paschen, Jeannette and Eriksson, Theresa and Kietzmann, Jan},
  journal={Business Horizons},
  volume={61},
  number={5},
  pages={657--663},
  year={2018},
  publisher={Elsevier}
}



% ====================================================================================================
% Virtual Reality Without Vision: A Haptic and Auditory White Cane to Navigate Complex Virtual Worlds
% ====================================================================================================

@inproceedings{siu2020virtual,
  title={Virtual reality without vision: A haptic and auditory white cane to navigate complex virtual worlds},
  author={Siu, Alexa F and Sinclair, Mike and Kovacs, Robert and Ofek, Eyal and Holz, Christian and Cutrell, Edward},
  booktitle={Proceedings of the 2020 CHI conference on human factors in computing systems},
  pages={1--13},
  year={2020}
}

% ====================================================================================================
% Work-In-Progress-Exploring VR Conference Navigation Employing Audio Cues
% ====================================================================================================

@inproceedings{robern2021work,
  title={Work-In-Progress-Exploring VR Conference Navigation Employing Audio Cues},
  author={Robern, Gil and Uribe-Quevedo, Alvaro and Sukhai, Mahadeo and Coppin, Peter and Lee, Teresa and Ingino, Robert},
  booktitle={2021 7th International Conference of the Immersive Learning Research Network (iLRN)},
  pages={1--3},
  year={2021},
  organization={IEEE}
}

% ====================================================================================================
% Effects of Emotion and Agency on Presence in Virtual Reality
% ====================================================================================================

@inproceedings{jicol2021effects,
  title={Effects of emotion and agency on presence in virtual reality},
  author={Jicol, Crescent and Wan, Chun Hin and Doling, Benjamin and Illingworth, Caitlin H and Yoon, Jinha and Headey, Charlotte and Lutteroth, Christof and Proulx, Michael J and Petrini, Karin and O'Neill, Eamonn},
  booktitle={Proceedings of the 2021 CHI Conference on Human Factors in Computing Systems},
  pages={1--13},
  year={2021}
}

% ====================================================================================================
% How immersive is enough? A meta-analysis of the effect of immersive technology on user presence
% ====================================================================================================

@article{cummings2016immersive,
  title={How immersive is enough? A meta-analysis of the effect of immersive technology on user presence},
  author={Cummings, James J and Bailenson, Jeremy N},
  journal={Media psychology},
  volume={19},
  number={2},
  pages={272--309},
  year={2016},
  publisher={Taylor \& Francis}
}

% ====================================================================================================
% Agency
% ====================================================================================================

@article{farrer2002experiencing,
  title={Experiencing oneself vs another person as being the cause of an action: the neural correlates of the experience of agency},
  author={Farrer, Chl{\"o}{\'e} and Frith, Chris D},
  journal={Neuroimage},
  volume={15},
  number={3},
  pages={596--603},
  year={2002},
  publisher={Elsevier}
}

% ====================================================================================================
% Evaluation of spatial displays for navigation without sight
% ====================================================================================================

@article{marston2006evaluation,
  title={Evaluation of spatial displays for navigation without sight},
  author={Marston, James R and Loomis, Jack M and Klatzky, Roberta L and Golledge, Reginald G and Smith, Ethan L},
  journal={ACM Transactions on Applied Perception (TAP)},
  volume={3},
  number={2},
  pages={110--124},
  year={2006},
  publisher={ACM New York, NY, USA}
}

% ====================================================================================================
% Towards Virtual Assessment of Human Factors: A Concept for Data Driven Prediction and Analysis of Physical User-product Interactions
% ====================================================================================================

@inproceedings{wolf2019towards,
  title={Towards virtual assessment of human factors: A concept for data driven prediction and analysis of physical user-product interactions},
  author={Wolf, Alexander and Binder, Nicole and Miehling, J{\"o}rg and Wartzack, Sandro},
  booktitle={Proceedings of the Design Society: International Conference on Engineering Design},
  volume={1},
  number={1},
  pages={4029--4038},
  year={2019},
  organization={Cambridge University Press}
}

% ====================================================================================================
% LEARNING BECOMES DOING: APPLYING AUGMENTED AND VIRTUAL REALITY TO IMPROVE PERFORMANCE
% ====================================================================================================

@article{farrell2018learning,
  title={Learning becomes doing: Applying augmented and virtual reality to improve performance},
  author={Farrell, Wendy A},
  journal={Performance Improvement},
  volume={57},
  number={4},
  pages={19--28},
  year={2018},
  publisher={Wiley Online Library}
}

% ====================================================================================================
% Algoritimo de navegação e guiagem
% ====================================================================================================

@inproceedings{wu2007path,
  title={Path planning and following algorithms in an indoor navigation model for visually impaired},
  author={Wu, Hua and Marshall, Alan and Yu, Wai},
  booktitle={Second International Conference on Internet Monitoring and Protection (ICIMP 2007)},
  pages={38--38},
  year={2007},
  organization={IEEE}
}

% ====================================================================================================
% VR no design de cabines aeronauticas
% ====================================================================================================

@article{moerland2021application,
  title={Application of VR technology in the aircraft cabin design process},
  author={Moerland-Masic, Ivana and Reimer, Fabian and Bock, Thomas M and Meller, Frank and Nagel, Bj{\"o}rn},
  journal={CEAS Aeronautical Journal},
  pages={1--10},
  year={2021},
  publisher={Springer}
}




% ====================================================================================================
% ====================================================================================================
% Sites
% ====================================================================================================
% ====================================================================================================

% ====================================================================================================
% Our World in Data COVID cases numbers
% ====================================================================================================

 @misc{ourworldindata_cases, 
    title={Coronavirus (COVID-19) cases},
    url={https://ourworldindata.org/covid-cases},
    urlaccessdate={8 fev. 2022},
    journal={Our World in Data},
    author={Hannah Ritchie and Edouard Mathieu and Lucas Rodés-Guirao and Cameron Appel and Charlie Giattino and Esteban Ortiz-Ospina and Joe Hasell and Bobbie Macdonald and Saloni Dattani and Max Roser},
    year={2020},
 month={Mar}} 

% ====================================================================================================
% Recomendações ONU
% ====================================================================================================

 @misc{who_2020,
    title={Advice for the public on covid-19},
    organization={World Health Organization},
    url={https://www.who.int/emergencies/diseases/novel-coronavirus-2019/advice-for-public},
    urlaccessdate={8 fev. 2022},
    journal={World Health Organization},
    publisher={World Health Organization},
    year={2020},
    month={Jan}
 } 
 
% ====================================================================================================
% Site ESP-32
% ====================================================================================================

@misc{espressif,
organization={Espressif Systems},
title={ESP32-DevKitC V5},
year={2022},
subtitle={Getting Sstarted Guide},
url={https://docs.espressif.com/projects/esp-idf/en/latest/esp32/hw-reference/esp32/get-started-devkitc.html},
urlaccessdate={18 fev. 2022}}


% ====================================================================================================
% Haptic compass belt
% ====================================================================================================

 @misc{kylecorry31_instructables_2020,
 title={Haptic compass belt},
 url={https://www.instructables.com/Haptic-Compass-Belt/},
 journal={Instructables},
 author={kylecorry31},
 year={2020},
 month={Jul}}
 
% ====================================================================================================
% Easy EDA
% ====================================================================================================

 @misc{easyeda, 
 title={Easy EDA}, 
 url={https://easyeda.com/}, 
 journal={EasyEDA}} 

% ====================================================================================================
% Kubius
% ====================================================================================================

@misc{kubios,
title={Kubius HRV Standard},
url={https://www.kubios.com/scientific-research/}
} 

% ====================================================================================================
% AR for BVI
% ====================================================================================================


@article{kirner2011using,
  title={Using augmented reality to support the understanding of three-dimensional concepts by blind people},
  author={Kirner, Claudio and Kirner, Tereza Gon{\c{c}}alves and Wataya, Roberto Sussumu and Valente, Jos{\'e} Armando},
  year={2011},
  publisher={Walter de Gruyter}
}

@inproceedings{kirner2008evoluccao,
  title={Evolu{\c{c}}{\~a}o da realidade virtual no brasil},
  author={Kirner, Cl{\'a}udio},
  booktitle={X Symposium on Virtual and Augmented Reality},
  pages={1--11},
  year={2008}
}

@article{kirner2012using,
  title={Using augmented reality artifacts in education and cognitive rehabilitation},
  author={Kirner, Claudio and Cerqueira, C and Kirner, T},
  journal={Virtual Reality in Psychological, Medical and Pedagogical Applications 2 Will-be-set-by-IN-TECH},
  pages={247--270},
  year={2012}
}

@article{cerqueira2019tangible,
  title={Tangible user interface vocabulary to physically enhance space systems engineering tools},
  author={Cerqueira, Christopher Shneider and Ambrosio, Ana Maria and Kirner, Claudio},
  journal={Concurrent Engineering},
  volume={27},
  number={4},
  pages={305--313},
  year={2019},
  publisher={SAGE Publications Sage UK: London, England}
}